001  0000127
005  20170704155922.844
008  170704s||||     bl|||||||||||||||||por|u
020    $a9789590809705
040    $aPorto Alegre$bpor
090    $a8294$bA594b
100 1  $aÂngulo, Teresa Cárdenas
245 10 $aBarakikeño y el pavo real$cTeresa Cárdenas Ângulo
260    $aCuba$bGente Nueva$c 2008
300    $a 23 p.
